<?xml version="1.0" encoding="UTF-8"?><collection xmlns="http://www.loc.gov/MARC21/slim"><record><leader>00522nam--2200193-i-4500</leader><controlfield tag="001">000049236</controlfield><controlfield tag="002">20161230</controlfield><controlfield tag="005">20161230201047</controlfield><controlfield tag="008">060222s1000------------r-----000-0-rus-d</controlfield><datafield ind1=" " ind2=" " tag="040"><subfield code="a">IFIN-HH</subfield></datafield><datafield ind1=" " ind2=" " tag="041"><subfield code="a">rus</subfield></datafield><datafield ind1=" " ind2=" " tag="080"><subfield code="a">539.3</subfield></datafield><datafield ind1="1" ind2=" " tag="100"><subfield code="a">Aleksandrov, B.M</subfield></datafield><datafield ind1="1" ind2="0" tag="245"><subfield code="a">Zadach mehaniki sploshnyh sred so smeiannymi granichnymi uclobiiami</subfield><subfield code="c">B.m. aleksandrov, e.v. kovalenko</subfield></datafield><datafield ind1=" " ind2=" " tag="260"><subfield code="a">Moskva</subfield><subfield code="b">Nauka</subfield><subfield code="c">1986</subfield></datafield><datafield ind1=" " ind2=" " tag="300"><subfield code="a">336 S</subfield></datafield><datafield ind1="1" ind2=" " tag="700"><subfield code="a">Kovalenko, E.V</subfield></datafield><datafield ind1=" " ind2=" " tag="852"><subfield code="a">73789</subfield><subfield code="c">539.3</subfield></datafield><datafield ind1=" " ind2=" " tag="CAT"><subfield code="a">Sys</subfield><subfield code="c">20130122</subfield><subfield code="h">155636</subfield></datafield></record></collection>